<record><leader>00000cas a2200000 a 4500</leader><controlfield tag="001">12772826</controlfield><controlfield tag="008">851108d18631865ncuwr ne      0   a0eng d</controlfield><datafield ind1=" " ind2=" " tag="010"><subfield code="a">sn 92072988 </subfield></datafield><datafield ind1=" " ind2=" " tag="040"><subfield code="a">NDD</subfield><subfield code="b">eng</subfield><subfield code="c">NDD</subfield><subfield code="d">OCL</subfield><subfield code="d">NVJ</subfield><subfield code="d">OCL</subfield><subfield code="d">OCLCQ</subfield><subfield code="d">OCLCF</subfield><subfield code="d">OCLCO</subfield><subfield code="d">OCLCA</subfield></datafield><datafield ind1=" " ind2=" " tag="042"><subfield code="a">msc</subfield></datafield><datafield ind1=" " ind2=" " tag="043"><subfield code="a">n-us-nc</subfield></datafield><datafield ind1="0" ind2=" " tag="130"><subfield code="a">Christian advocate (Raleigh, N.C. : 1863)</subfield></datafield><datafield ind1="1" ind2="0" tag="245"><subfield code="a">Christian advocate.</subfield></datafield><datafield ind1=" " ind2=" " tag="260"><subfield code="a">Raleigh, N.C. :</subfield><subfield code="b">Christian Advocate Pub. Co.</subfield></datafield><datafield ind1=" " ind2=" " tag="300"><subfield code="a">v. ;</subfield><subfield code="c">50-58 cm.</subfield></datafield><datafield ind1=" " ind2=" " tag="310"><subfield code="a">Weekly</subfield></datafield><datafield ind1="1" ind2=" " tag="362"><subfield code="a">Began in 1863; ceased in 1865.</subfield></datafield><datafield ind1=" " ind2=" " tag="515"><subfield code="a">Errors in numbering.</subfield></datafield><datafield ind1=" " ind2=" " tag="550"><subfield code="a">Organ of the North Carolina Conference of the M.E. Church, South.</subfield></datafield><datafield ind1=" " ind2=" " tag="588"><subfield code="a">Description based on: Vol. 6, no. 22 (Apr. 9, 1863).</subfield></datafield><datafield ind1="2" ind2="0" tag="610"><subfield code="a">Methodist Episcopal Church, South.</subfield><subfield code="b">North Carolina Conference</subfield><subfield code="v">Newspapers.</subfield></datafield><datafield ind1=" " ind2="0" tag="650"><subfield code="a">Methodist Church</subfield><subfield code="z">North Carolina</subfield><subfield code="v">Newspapers.</subfield></datafield><datafield ind1=" " ind2="0" tag="650"><subfield code="a">African American newspapers</subfield><subfield code="z">North Carolina.</subfield></datafield><datafield ind1=" " ind2="7" tag="655"><subfield code="a">Newspapers.</subfield><subfield code="2">fast</subfield><subfield code="0">(OCoLC)fst01423814</subfield></datafield><datafield ind1="2" ind2="7" tag="610"><subfield code="a">Methodist Episcopal Church, South.</subfield><subfield code="b">North Carolina Conference.</subfield><subfield code="2">fast</subfield><subfield code="0">(OCoLC)fst00526890</subfield></datafield><datafield ind1=" " ind2="7" tag="650"><subfield code="a">African American newspapers.</subfield><subfield code="2">fast</subfield><subfield code="0">(OCoLC)fst00799278</subfield></datafield><datafield ind1=" " ind2="7" tag="650"><subfield code="a">Methodist Church.</subfield><subfield code="2">fast</subfield><subfield code="0">(OCoLC)fst01018643</subfield></datafield><datafield ind1=" " ind2="7" tag="651"><subfield code="a">North Carolina.</subfield><subfield code="2">fast</subfield><subfield code="0">(OCoLC)fst01204304</subfield></datafield><datafield ind1="2" ind2=" " tag="710"><subfield code="a">Methodist Episcopal Church, South.</subfield><subfield code="b">North Carolina Conference.</subfield></datafield><datafield ind1=" " ind2=" " tag="752"><subfield code="a">United States</subfield><subfield code="b">North Carolina</subfield><subfield code="c">Wake</subfield><subfield code="d">Raleigh.</subfield></datafield><datafield ind1="1" ind2=" " tag="776"><subfield code="t">Christian advocate (Raleigh, N.C. : 1863) (Microform)</subfield><subfield code="w">(OCoLC)12772983</subfield></datafield><datafield ind1="0" ind2="0" tag="780"><subfield code="t">North Carolina Christian advocate (Raleigh, N.C.)</subfield><subfield code="w">(DLC)sn 92072987</subfield><subfield code="w">(OCoLC)12772801</subfield></datafield><datafield ind1="0" ind2="0" tag="785"><subfield code="t">Episcopal Methodist</subfield><subfield code="w">(DLC)sn 92072989</subfield><subfield code="w">(OCoLC)12772925</subfield></datafield></record>